@string{ieeeicsm="IEEE International Conference on Software Maintenance"}
@string{acmase="IEEE/ACM Automated Software Engineering"}
@string{mutationworkshop = "Workshop on Mutation Analysis"}
@string{sbstworkshop = "Workshop on Search-Based Software Testing"}
@string{fst="Foundations of Software Testing"}
@string{sbes="Brazilian Symposium on Software Engineering (SBES)"}
@string{astw="International Workshop on Automation of Software Test"}
@string{advse="Advances in Software Engineering"}
@string{acmse="ACM Annual Southeast Regional Conference"}
@string{fse="ACM SIGSOFT Symposium on The Foundations of Software Engineering"}
@string{popl = "ACM SIGPLAN-SIGACT symposium on Principles of programming languages"}
@string{icse = "International Conference on Software Engineering"}
@string{ijmms = "International Journal of Man-machine Studies"}
@string{stvr = "Software Testing, Verification and Reliability"}
@string{stva = "Software Testing, Verification and Analysis"}
@string{computer = "Computer"}
@string{acmsen = "ACM SIGSOFT Software Engineering Notes"}
@string{ieeetse = "IEEE Transactions on Software Engineering"}
@string{tosem =   "ACM Transactions on Software Engineering and Methodology"}
@string{issrew = "International Symposium on Software Reliability Engineering Workshops"}
@string{compsac = "Computer Software and Applications Conference."}
@string{acmissta = "ACM SIGSOFT International Symposium on Software Testing and Analysis"}
@string{jss = "The Journal of Systems and Software"}
@string{issre = "International Symposium on Software Reliability Engineering"}
@string{scp = "Science of Computer Programming"}
@string{ist = "Information and Software Technology"}
@string{icstw = "International Conference on Software Testing, Verification and Validation Workshops"}
@string{icst = "International Conference on Software Testing, Verification and Validation"}
@string{ieeescam = "IEEE International Working Conference on Source Code Analysis and Manipulation"}
@string{pldi = "ACM SIGPLAN Conference on Programming Language Design and Implementation"}
@string{taicpart="Testing: Academic and Industrial Conference Practice and Research Techniques"}
@string{oopsla="ACM SIGPLAN International Conference on Object Oriented Programming Systems Languages \&\#38; Applications"}
@string{qsic="International Conference on Quality Software"}

@inproceedings{gligoric2013comparing,
  title={Comparing Non-adequate Test Suites using Coverage Criteria},
  author={Gligoric, Milos and Groce, Alex and Zhang, Chaoqiang and Sharma, Rohan and Alipour, Mohammad Amin and Marinov, Darko},
  booktitle=acmissta,
  year={2013},
  publisher={ACM}
}

@misc{randoop,
    author = {Carlos Pacheco and Michael D. Ernst},
    title = {Randoop Random Test Generation},
    howpublished = {\url{http://code.google.com/p/randoop}},
    urldate = {2013-07-06}
}

@misc{maven,
    author = {{Apache Software Foundation}},
    title = {Apache Maven Project},
    howpublished = {\url{http://maven.apache.org}},
    urldate = {2013-07-06}
}
@techreport{agrawal1989design,
  address = {West Lafayette, IN, },
  author = {Agrawal, Hiralal and DeMillo, Richard A. and Hathaway, Bob and Hsu, William and Hsu, Wynne and Krauser, E. W. and Martin, R. J. and Mathur, Aditya P. and Spafford, Eugene},
  institution = {Software Engineering Research Center, Purdue University},
  number = {SERC-TR41-P},
  title = {Design of Mutant Operators for the {C} Programming Language},
  year = 1989
}

@inproceedings{antoniol2008isitabug,
  author = {Antoniol, Giuliano and Ayari, Kamel and Di Penta, Massimiliano and Khomh, Foutse and Gu{\'e}h{\'e}neuc, Yann-Ga\"{e}l},
  title = {Is It a Bug or an Enhancement?: A Text-based Approach to Classify Change Requests},
  booktitle={Conference of the Center for Advanced Studies on Collaborative Research: Meeting of Minds},
  series = {CASCON '08},
  year = {2008},
  pages = {23:304--23:318},
  publisher = {ACM},
  address = {New York, NY, USA},
}

@misc{crm114,
    author = {CRM114},
    title = {CRM114 Classifier},
    howpublished = {\url{http://crm114.sourceforge.net}},
    urldate = {2013-12-29}
}

@misc{github,
    author = {{GitHub Inc.}},
    title = {Software Repository},
    howpublished = {\url{http://www.github.com}},
    urldate = {2013-07-06}
}
@misc{gitlang,
    author = {{GitHub Inc.}},
    title = {GitHub Languages},
    howpublished = {\url{http://www.github.com/languages}},
    urldate = {2013-07-06}
}
@misc{tiobe,
    author = {{TIOBE}},
    title = {TIOBE Index},
    howpublished = {\url{http://www.tiobe.com/index.php/content/paperinfo/tpci/index.html}},
    urldate = {2013-07-06}
}
@misc{emma,
    author = {Vlad Roubtsov and Others},
    title = {Emma - A free Java code coverage tool},
    howpublished = {\url{http://emma.sourceforge.net/}},
    urldate = {2013-07-06}
}
@misc{codecover,
    author = {Rainer Schmidberger and Others},
    title = {CodeCover - an open-source glass-box testing tool},
    howpublished = {\url{http://codecover.org/}},
    urldate = {2013-07-06}
}
@misc{cobertura,
    author = {Mark Doliner and Others},
    title = {Cobertura - A code coverage utility for Java.},
    howpublished = {\url{http://cobertura.github.io/cobertura}},
    urldate = {2013-07-06}
}
@misc{mockit,
    author = {Rog√©rio Liesenfeld},
    title = {JMockit - A developer testing toolkit for Java},
    howpublished = {\url{http://code.google.com/p/jmockit/}},
    urldate = {2013-07-06}
}
@misc{pitcompare,
    author = {Henry Coles},
    title = {Mutation testing systems for Java compared},
    howpublished = {\url{http://pitest.org/java_mutation_testing_systems/}},
    urldate = {2013-07-06}
}

@inproceedings{duraes2002emulation,
  author={Duraes, J. and Madeira, H.},
  booktitle=issre,
  title={Emulation of software faults by educated mutations at machine-code level},
  year={2002},
  month={},
  pages={329-340},
  keywords={program testing;software fault tolerance;COTS components;educated mutations;high-level software faults;injected faults;key programming structures;portability;software fault tolerance techniques;software faults;Emulation;Genetic mutations;Programming;Reliability engineering;Software measurement;Software packages;Software quality;Software reliability;Software systems;Software testing},
  ISSN={1071-9458},
}

@inproceedings{irvine2007jumble,
  title={Jumble Java byte code to measure the effectiveness of unit tests},
  author={Irvine, Sean A and Pavlinic, Tin and Trigg, Leonard and Cleary, John G and Inglis, Stuart and Utting, Mark},
  booktitle=taicpart,
  pages={169--175},
  year={2007},
  organization={IEEE}
}

@inproceedings{just2014the,
  author = {Just, Ren{\'e}},
  title = {The Major Mutation Framework: Efficient and Scalable Mutation Analysis for Java},
  booktitle=acmissta,
  series = {ISSTA 2014},
  year = {2014},
  isbn = {978-1-4503-2645-2},
  pages = {433--436},
  publisher = {ACM},
  address = {New York, NY, USA},
  keywords = {Mutation testing, compiler-integrated mutation, strong mutation, weak mu- tation},
}

@inproceedings{kusano2013ccmutator,
  title={Ccmutator: A mutation generator for concurrency constructs in multithreaded c/c++ applications},
  author={Kusano, Markus and Wang, Chao},
  booktitle=acmase,
  pages={722--725},
  year={2013},
  organization={IEEE}
}

@article{rice1953classes,
  title={Classes of recursively enumerable sets and their decision problems},
  author={Rice, Henry Gordon},
  journal={Transactions of the American Mathematical Society},
  volume={74},
  number={2},
  pages={358--366},
  year={1953},
  publisher={JSTOR}
}

@article{beizer20672software,
  title={Software testing techniques},
  author={Beizer, Boris},
  journal={New York, ISBN: 0-442-20672-0},
  year={1990}
}

@book{ecsc,
  publisher={European Cooperation for Space Coordination, Space product assurance - Software product assurance},
  author={ESA Requirements and Standards Division},
  title={ECSS-Q-ST-80C, Section 6.2.3.2},
  year={2009}
}



* Efficient mutation testing by checking invariant violations
Checking for equivalent mutationss
@inproceedings{schuler2009efficient,
  title={Efficient mutation testing by checking invariant violations},
  author={Schuler, David and Dallmeier, Valentin and Zeller, Andreas},
  booktitle=acmissta,
  pages={69--80},
  year={2009},
  organization={ACM}
}

* On Mutation
Mutation testing is better at finding faults than other techniques.
@phdthesis{acree1980mutation,
  author = {Acree,Jr., Allen Troy},
  title = {On Mutation},
  year = {1980},
  publisher = {Georgia Institute of Technology},
  school = {Georgia Institute of Technology},
  address = {Atlanta, GA, USA},
} 



* A measure of test case completeness (software, engineering)},
Mutation testing is better at finding faults than other techniques.
@phdthesis{walsh1985ameasure,
  author = {Walsh, Patrick Joseph},
  title = {A measure of test case completeness (software, engineering)},
  year = {1985},
  note = {AAI8514636},
  publisher = {State University of New York at Binghamton},
  address = {Binghamton, NY, USA},
}

Mutation analysis
Mutation testing is better at finding faults than other techniques.
@book{budd1979mutation,
  title={Mutation analysis},
  author={Budd, Timothy A and Lipton, Richard J and DeMillo, Richard A and Sayward, Frederick G},
  year={1979},
  publisher={Yale University, Department of Computer Science}
}


* On the effectiveness of the test-first approach to programming
TDD introduction
@article{erdogmus2005ontheeffectiveness,
  author={Erdogmus, H. and Morisio, Maurizio and Torchiano, Marco},
  journal=ieeetse,
  title={On the effectiveness of the test-first approach to programming},
  year={2005},
  volume={31},
  number={3},
  pages={226-237},
  ISSN={0098-5589},
}

@inproceedings{gopinath2014code,
  title={Code Coverage for Suite Evaluation by Developers},
  author={Gopinath, Rahul and Jensen, Carlos and Groce, Alex},
  booktitle=icse,
  year={2014},
  organization={IEEE}
}

@inproceedings{andrews2005mutation,
  title={Is mutation an appropriate tool for testing experiments?},
  author={Andrews, James H and Briand, Lionel C and Labiche, Yvan},
  booktitle=icse,
  pages={402--411},
  year={2005},
  organization={IEEE}
}


* Weak Mutation Testing and Completeness of Test Sets
Introducing week mutation testing
@article{howden1982weakmutation,
  author = {Howden, W. E.},
  title = {Weak Mutation Testing and Completeness of Test Sets},
  journal = ieeetse,
  volume = {8},
  number = {4},
  month = jul,
  year = {1982},
  issn = {0098-5589},
  pages = {371--379},
  publisher = {IEEE Press},
  address = {Piscataway, NJ, USA},
  keywords = {Complete, effective, mutations, testing, testing, Complete, effective, mutations},
}

* Decreasing the cost of mutation testing with second-order mutants
Mutation is expensive.
@article{polo2009decreasing,
  title={Decreasing the cost of mutation testing with second-order mutants},
  author={Polo, Macario and Piattini, Mario and Garc{\'\i}a-Rodr{\'\i}guez, Ignacio},
  journal=stvr,
  volume={19},
  number={2},
  pages={111--131},
  year={2009},
  publisher={Wiley Online Library}
}

* Efficiency of mutation operators and selective mutation strategies: An empirical study
@article{mresa1999efficiency,
  title={Efficiency of mutation operators and selective mutation strategies: An empirical study},
  author={Mresa, Elfurjani S and Bottaci, Leonardo},
  journal=stvr,
  volume={9},
  number={4},
  pages={205--232},
  year={1999},
  publisher={Chichester, Sussex, England: J. Wiley, c1992-}
}

* Hints on test data selection: Help for the practicing programmer
Coupling effect
@article{demillo1978hints,
  title={Hints on test data selection: Help for the practicing programmer},
  author={DeMillo, Richard A and Lipton, Richard J and Sayward, Frederick G},
  journal={Computer},
  volume={11},
  number={4},
  pages={34--41},
  year={1978},
  publisher={IEEE}
}

@techreport{lipton1971fault,
  title={Fault Diagnosis of Computer Programs},
  author={Lipton, Richard J},
  institution={Carnegie Mellon Univ.},
  year={1971},
}

@article{mccabe1976complexity,
  title={A complexity measure},
  author={McCabe, Thomas J},
  journal=ieeetse,
  number={4},
  pages={308--320},
  year={1976},
  publisher={IEEE}
}


* todo
@article{poston1990power,
  title={The Power of Simple Software Testing Metrics},
  author={Poston, Robert},
  journal={Software Testing Times},
  volume={3},
  number={1993},
  year={1990}
}

* Quote
Although our experiments were designed to measure ectiveness, we also observed that using
these criteria, particularly mutation testing, was costly. Even for these small subject programs, the
human effort needed to check a large number of mutants for equivalence was almost prohibitive
@article{frankl1997all,
  title={All-uses vs mutation testing: an experimental comparison of effectiveness},
  author={Frankl, Phyllis G and Weiss, Stewart N and Hu, Cang},
  journal={Journal of Systems and Software},
  volume={38},
  number={3},
  pages={235--253},
  year={1997},
  publisher={Elsevier}
}
@inproceedings{namin2011theuse,
  author = {Namin, Akbar Siami and Kakarla, Sahitya},
  title = {The Use of Mutation in Testing Experiments and Its Sensitivity to External Threats},
  booktitle=acmissta,
  year = {2011},
  pages = {342--352},
  publisher = {ACM},
  address = {New York, NY, USA},
  keywords = {experimental design, hand-seeded faults, mutants, mutation testing, real faults, statistical analysis},
}
@article{offutt1994using,
  title={Using compiler optimization techniques to detect equivalent mutants},
  author={Offutt, A Jefferson and Craft, W Michael},
  journal=stvr,
  volume={4},
  number={3},
  pages={131--154},
  year={1994},
  publisher={Wiley Online Library}
}
@article{schuler2013covering,
  title={Covering and uncovering equivalent mutants},
  author={Schuler, David and Zeller, Andreas},
  journal=stvr,
  volume={23},
  number={5},
  pages={353--374},
  year={2013},
  publisher={Wiley Online Library}
}

@inproceedings{nica2012using,
  author = {Simona Nica and Franz Wotawa},
  title = {Using Constraints for Equivalent Mutant Detection},
  booktitle={Workshop on Formal Methods in the Development of Software, {WS-FMDS}},
  pages = {1--8},
  year = {2012},
}
@article{offutt1997automatically,
  title={Automatically detecting equivalent mutants and infeasible paths},
  author={Offutt, A Jefferson and Pan, Jie},
  journal=stvr,
  volume={7},
  number={3},
  pages={165--192},
  year={1997},
  publisher={Wiley Online Library}
}

* Relation between mutation , faults and coverage
@article{andrews2006using,
  title={Using mutation analysis for assessing and comparing testing coverage criteria},
  author={Andrews, James H and Briand, Lionel C and Labiche, Yvan and Namin, Akbar Siami},
  journal=ieeetse,
  volume={32},
  number={8},
  pages={608--624},
  year={2006},
  publisher={IEEE}
}

@inproceedings{kintis2010evaluating,
  title={Evaluating mutation testing alternatives: A collateral experiment},
  author={Kintis, Marinos and Papadakis, Mike and Malevris, Nicos},
  booktitle={Asia Pacific Software Engineering Conference (APSEC)},
  pages={300--309},
  year={2010},
  organization={IEEE}
}

@inproceedings{pacheco2007randoop,
  title={Randoop: feedback-directed random testing for Java},
  author={Pacheco, Carlos and Ernst, Michael D},
  booktitle={Companion to the 22nd ACM SIGPLAN conference on Object-oriented programming systems and applications companion},
  pages={815--816},
  year={2007},
  organization={ACM}
}

@mastersthesis{kakarla2010analysis,
  title={An Analysis of Parameters Influencing Test Suite Effectiveness},
  author={Kakarla, Sahitya},
  year={2010},
  school={Texas Tech University}
}

@mastersthesis{inozemtseva2012predicting,
  title={Predicting Test Suite Effectiveness for Java Programs},
  author={Inozemtseva, Laura Michelle McLean},
  year={2012},
  school={University of Waterloo}
}

@inproceedings{namin2009influence,
  title={The influence of size and coverage on test suite effectiveness},
  author={Namin, Akbar Siami and Andrews, James H},
  booktitle=acmissta,
  pages={57--68},
  year={2009},
  organization={ACM}
}


* Investigations of the software testing coupling effect
Offutt showed empirical support for one of the basic premises of mutation testing, that a test data set that detects simple faults (such as those introduced by mutation) will detect complex faults, i.e., the combination of several simple faults.
@article{offutt1992investigations,
  title={Investigations of the software testing coupling effect},
  author={Offutt, A Jefferson},
  journal=tosem,
  volume={1},
  number={1},
  pages={5--20},
  year={1992},
  publisher={ACM}
}
The Coupling Effect: Fact or Fiction? '89, Offut

@techreport{offutt1996subsumption,
  author={A. Jefferson Offutt and Jeffrey M. Voas},
  title={Subsumption of condition coverage techniques by mutation testing},
  institution={Technical Report ISSE-TR-96-01, Information and Software Systems Engineering, George Mason University},
  year = {1996}
}

@book{ammann2008introduction,
  title={Introduction to software testing},
  author={Ammann, Paul and Offutt, Jeff},
  year={2008},
  publisher={Cambridge University Press}
}

@book{young2008software,
  title={Software testing and analysis: process, principles, and techniques},
  author={Young, Michal},
  year={2008},
  publisher={John Wiley \& Sons}
}
cited in (path subsumes branch.)
@phdthesis{sarabi2012evaluation,
  title={Evaluation of Structural Testing Effectiveness in Industrial Model-driven Software Development},
  author={Sarabi, Mahdi},
  year={2012},
  school={M{\"a}lardalen University}
}

@article{myer1979art,
  title={The art of software testing},
  author={Myers, Glenford J},
  journal={A Willy-Interscience Pub},
  year={1979}
}

@article{frankl1993formal,
  title={A formal analysis of the fault-detecting ability of testing methods},
  author={Frankl, Phyllis G. and Weyuker, Elaine J.},
  journal=ieeetse,
  volume={19},
  number={3},
  pages={202--213},
  year={1993},
  publisher={IEEE}
}

* An analysis of the coupling effect I: single test data
Coupling effect holds so long as the programs are small enough.
@article{how2003analysis,
  title={An analysis of the coupling effect I: single test data},
  author={How Tai Wah, KS},
  journal={Science of Computer Programming},
  volume={48},
  number={2},
  pages={119--161},
  year={2003},
  publisher={Elsevier}
}

@article{wah2000theoretical,
  title={A theoretical study of fault coupling},
  author={Wah, KS},
  journal=stvr,
  volume={10},
  number={1},
  pages={3--45},
  year={2000},
  publisher={Wiley Online Library}
}

@inproceedings{fraser2011evosuite,
 author = {Fraser, Gordon and Arcuri, Andrea},
 title = {EvoSuite: automatic test suite generation for object-oriented
software},
 booktitle=fse,
 year = {2011},
 pages = {416--419},
 publisher = {ACM},
}

@inproceedings{pacheco2007feedback,
  author = {Carlos Pacheco and Shuvendu K. Lahiri and Michael D. Ernst and Thomas Ball},
  title = {Feedback-directed Random Test Generation},
  booktitle=icse,
  year = {2007},
  pages = {75--84}
}

@inproceedings{groce2012swarm,
  author = {Alex Groce and Chaoqiang Zhang and Eric Eide and Yang Chen and John Regehr},
  title = {Swarm Testing},
  booktitle=acmissta,
  year = 2012,
  pages = "78--88"
}

@misc{ecssqst80c,
  title={ECSS-Q-ST-80C. ESA Requirements and Standards Division},
  author={European Cooperation for Space Coordination Space product assurance - Software product assurance},
  year={2009}
}

@inproceedings{groce2009quickly,
  title={(Quickly) testing the tester via path coverage},
  author={Groce, Alex},
  booktitle={International Workshop on Dynamic Analysis},
  pages={22--28},
  year={2009},
  organization={ACM}
}


Is Branch Coverage a Good Measure of Testing Effectiveness?
@incollection{wei2012branch,
  author = {Wei, Yi and Meyer, Bertrand and Oriol, Manuel},
  chapter = {Is branch coverage a good measure of testing effectiveness?},
  title = {Empirical Software Engineering and Verification},
  editor = {Meyer, Bertrand and Nordio, Martin},
  year = {2012},
  isbn = {978-3-642-25230-3},
  pages = {194--212},
  publisher = {Springer-Verlag},
  address = {Berlin, Heidelberg},
  keywords = {branch coverage, experimental evaluation, random testing},
}

Reviewing 25 Years of Testing Technique Experiments
Is Mutation Testing Scalable for Real-World Software Projects?
All uses mutation testing: An experimental comparison of effectiveness.
Predicting Test Suite Effectiveness for Java Programs : check summary/citation of other papers.
http://www.ece.ubc.ca/~irenek/techpaps/mutate/mutation.html
http://www.cs.gmu.edu/~offutt/rsrch/sejournals.html

@article{usaola2010mutation,
  title={Mutation testing cost reduction techniques: a survey},
  author={Usaola, Macario Polo and Mateo, Pedro Reales},
  journal={Software, IEEE},
  volume={27},
  number={3},
  pages={80--86},
  year={2010},
  publisher={IEEE}
}

@incollection{offutt2001mutation,
  title={Mutation 2000: Uniting the orthogonal},
  author={Offutt, A Jefferson and Untch, Roland H},
  booktitle={Mutation testing for the new century},
  pages={34--44},
  year={2001},
  publisher={Springer}
}

@incollection{eldh2007component,
  title={Component testing is not enough-a study of software faults in telecom middleware},
  author={Eldh, Sigrid and Punnekkat, Sasikumar and Hansson, Hans and J{\"o}nsson, Peter},
  booktitle={Testing of Software and Communicating Systems},
  pages={74--89},
  year={2007},
  publisher={Springer}
}

@article{ostrand2005predicting,
  title={Predicting the location and number of faults in large software systems},
  author={Ostrand, Thomas J and Weyuker, Elaine J and Bell, Robert M},
  journal=ieeetse,
  volume={31},
  number={4},
  pages={340--355},
  year={2005},
  publisher={IEEE}
}

@article{purushothaman2005toward,
  title={Toward understanding the rhetoric of small source code changes},
  author={Purushothaman, Ranjith and Perry, Dewayne E},
  journal=ieeetse,
  volume={31},
  number={6},
  pages={511--526},
  year={2005},
  publisher={IEEE}
}

@article{gourlay1983mathematical,
  title={A mathematical framework for the investigation of testing},
  author={Gourlay, John S.},
  journal=ieeetse,
  number={6},
  pages={686--709},
  year={1983},
  publisher={IEEE}
}

@inproceedings{harman2010manifesto,
  title={A manifesto for higher order mutation testing},
  author={Harman, Mark and Jia, Yue and Langdon, William B},
  booktitle=icstw,
  pages={80--89},
  year={2010},
  organization={IEEE}
}

X. Cai and M. R. Lyu. The effect of code coverage on fault detection under different testing profiles. In International Workshop on Advances in Model-Based Testing, pages 1‚Äì7, 2005
 investigated the correlation between different coverage criteria‚Äîbranch coverage, decision cover- age, P-use, and C-use‚Äîand fault detection, using a linear regression model
 Their results showed that coverage criteria were only a moderate indicator for fault detection, with large variance for different test suites.

@inproceedings{cai2005effect,
  title={The effect of code coverage on fault detection under different testing profiles},
  author={Cai, Xia and Lyu, Michael R},
  booktitle=acmsen,
  volume={30},
  number={4},
  pages={1--7},
  year={2005},
  organization={ACM}
}

@article{jia2011analysis,
  title={An analysis and survey of the development of mutation testing},
  author={Jia, Yue and Harman, Mark},
  journal=ieeetse,
  volume={37},
  number={5},
  pages={649--678},
  year={2011},
  publisher={IEEE}
}

@article{gupta2008approach,
  title={An approach for experimentally evaluating effectiveness and efficiency of coverage criteria for software testing},
  author={Gupta, Atul and Jalote, Pankaj},
  journal={International Journal on Software Tools for Technology Transfer},
  volume={10},
  number={2},
  pages={145--160},
  year={2008},
  publisher={Springer}
}

@inproceedings{li2009experimental,
  title={An experimental comparison of four unit test criteria: Mutation, edge-pair, all-uses and prime path coverage},
  author={Li, Nan and Praphamontripong, Upsorn and Offutt, Jeff},
  booktitle=icstw,
  pages={220--229},
  year={2009},
  organization={IEEE}
}

Software unit test coverage and adequacy : ACM computing survey
@article{zhu1997sut,
  author = {Zhu, Hong and Hall, Patrick A. V. and May, John H. R.},
  title = {Software Unit Test Coverage and Adequacy},
  journal = {ACM Computer Survey},
  volume = {29},
  number = {4},
  month = dec,
  year = {1997},
  issn = {0360-0300},
  pages = {366--427},
  publisher = {ACM},
  address = {New York, NY, USA},
}

@book{fleiss2013statistical,
  title={Statistical methods for rates and proportions},
  author={Fleiss, Joseph L and Levin, Bruce and Paik, Myunghee Cho},
  year={2013},
  publisher={John Wiley \& Sons}
}


@inproceedings{hassan2013comparing,
  title={Comparing multi-point stride coverage and dataflow coverage},
  author={Hassan, Mohammad Mahdi and Andrews, James H},
  booktitle=icse,
  pages={172--181},
  year={2013},
  organization={IEEE Press}
}

@inproceedings{pacheco2007feedback,
  title={Feedback-directed random test generation},
  author={Pacheco, Carlos and Lahiri, Shuvendu K and Ernst, Michael D and Ball, Thomas},
  booktitle=icse,
  pages={75--84},
  year={2007},
  organization={IEEE}
}

@inproceedings{ball2005theory,
  title={A theory of predicate-complete test coverage and generation},
  author={Ball, Thomas},
  booktitle={Formal Methods for Components and Objects},
  pages={1--22},
  year={2005},
  organization={Springer}
}

@techreport{balltheory,
  title={A theory of predicate-complete test coverage and generation, 2004},
  author={Ball, T},
  institution={Microsoft Research Technical Report MSR-TR-2004-28}
}

@techreport{chilenski2001investigation,
  title={An investigation of three forms of the modified condition decision coverage {(MCDC)} criterion},
  author={Chilenski, John J},
  year={2001},
  institution={DTIC Document}
}

@inproceedings{hutchins1994experiments,
  title={Experiments of the effectiveness of dataflow-and controlflow-based test adequacy criteria},
  author={Hutchins, Monica and Foster, Herb and Goradia, Tarak and Ostrand, Thomas},
  booktitle=icse,
  pages={191--200},
  year={1994},
  organization={IEEE Computer Society Press}
}

@inproceedings{hassan2013comparing,
  title={Comparing multi-point stride coverage and dataflow coverage},
  author={Hassan, Mohammad Mahdi and Andrews, James H},
  booktitle=icse,
  pages={172--181},
  year={2013},
  organization={IEEE Press}
}

@article{frankl-weiss-tse93,
  author = {Phyllis G. Frankl and Stewart N. Weiss},
  title = {An Experimental Comparison of the Effectiveness of Branch Testing and Data Flow Testing},
  journal = ieeetse,
  volume = {19},
  year = {1993},
  pages = {774-787},
}

@article{barbosa2001toward,
  title={Toward the determination of sufficient mutant operators for C},
  author={Barbosa, Ellen Francine and Maldonado, Jos{\'e} Carlos and Vincenzi, Auri Marcelo Rizzo},
  journal=stvr,
  volume={11},
  number={2},
  pages={113--136},
  year={2001},
  publisher={Wiley Online Library}
}

@techreport{offutt1996mutation,
  title={Mutation operators for Ada},
  author={Offutt, A Jefferson and Voas, Jeff and Payne, Jeff},
  year={1996},
  institution={Technical Report ISSE-TR-96-09, Information and Software Systems Engineering, George Mason University}
}

@inproceedings{ma2002inter,
  title={Inter-class mutation operators for Java},
  author={Ma, Yu-Seung and Kwon, Yong-Rae and Offutt, Jeff},
  booktitle=issre,
  pages={352--363},
  year={2002},
  organization={IEEE}
}

@inproceedings{smith2007empirical,
  title={An empirical evaluation of the MuJava mutation operators},
  author={Smith, Ben H and Williams, Laurie},
  booktitle=taicpart,
  pages={193--202},
  year={2007},
  organization={IEEE}
}

@inproceedings{derezinska2006quality,
  title={Quality assessment of mutation operators dedicated for c\# programs},
  author={Derezinska, Anna},
  booktitle=qsic,
  pages={227--234},
  year={2006},
  organization={IEEE}
}

@article{ma2009statistical,
  title={Statistical investigation on class mutation operators},
  author={Ma, Yu-Seung and Kwon, Yong-Rae and Kim, Sang-Woon},
  journal={ETRI journal},
  volume={31},
  number={2},
  pages={140--150},
  year={2009}
}

@inproceedings{zhang2010isoperator,
 author = {Zhang, Lu and Hou, Shan-Shan and Hu, Jun-Jue and Xie, Tao and Mei, Hong},
 title = {Is Operator-based Mutant Selection Superior to Random Mutant Selection?},
 booktitle=icse,
 year = {2010},
 isbn = {978-1-60558-719-6},
 pages = {435--444},
 publisher = {ACM},
 address = {New York, NY, USA},
 keywords = {mutation testing, test-adequacy criterion},
}
@article{ma2005mujava,
  title={MuJava: an automated class mutation system},
  author={Ma, Yu-Seung and Offutt, Jeff and Kwon, Yong Rae},
  journal={Software Testing, Verification and Reliability},
  volume={15},
  number={2},
  pages={97--133},
  year={2005},
  publisher={Wiley Online Library}
}

@article{ma2005description,
  title={Description of method-level mutation operators for java},
  author={Ma, Yu-Seung and Offutt, Jeff},
  journal={Electronics and Telecommunications Research Institute, Korea, Tech. Rep},
  year={2005}
}

@article{king1991fortran,
  title={A fortran language system for mutation-based software testing},
  author={King, Kim N and Offutt, A Jefferson},
  journal={Software: Practice and Experience},
  volume={21},
  number={7},
  pages={685--718},
  year={1991},
  publisher={Wiley Online Library}
}

@inproceedings{zhang2013operator,
  title={Operator-Based and Random Mutant Selection: Better Together},
  author={Zhang,Lingming and Gligoric, Milos and Marinov, Darko  and Khurshid, Sarfraz},
  booktitle=acmase,
  year={2013},
  publisher={ACM}
}
@inproceedings{schuler2009javalanche,
  title = "Javalanche: Efficient mutation testing for Java",
  author = "David Schuler and Andreas Zeller",
  year = "2009",
  month = aug,
  booktitle=fse,
  pages = "297--298",
  ISBN = "9781605580012",
}
@inproceedings{zhang2014empirical,
  title={An Empirical Study on the Scalability of Selective Mutation Testing},
  author={Zhang, Jie and Zhu, Muyao and Hao, Dan and Zhang, Lu},
  booktitle=issre,
  year={2014},
  publisher={ACM}
}

@book{grinstead1998introduction,
  title={Introduction to probability},
  author={Grinstead, Charles Miller and Snell, James Laurie},
  year={1998},
  publisher={American Mathematical Soc.}
}

@book{codecomplete,
  Author = {Steven C. McConnell},
  Publisher = {Microsoft},
  Title = {Code Complete: A Practical Handbook of Software Construction },
  note = {ISBN:1556154844},
  pages={857},
  Year = {2004}
}

@phdthesis{wong1993mutation,
  author = {Wong, Weichen Eric},
  title = {On Mutation and Data Flow},
  year = {1993},
  note = {UMI Order No. GAX94-20921},
  publisher = {Purdue University},
  school = {Purdue University},
  address = {West Lafayette, IN, USA},
}

@misc{apache,
  author = {{Apache Software Foundation}},
  title = {Apache Commons},
  howpublished={\url{http://commons.apache.org/}},
  urldate = {2015-01-14}
}
@misc{python,
  author = {{Python Software Foundation}},
  title = {Python Programming Language},
  howpublished={\url{https://www.python.org/}},
  urldate = {2015-03-09}
}
@article{zhu1997software,
  author = {Zhu, Hong and Hall, Patrick A. V. and May, John H. R.},
  title = {Software Unit Test Coverage and Adequacy},
  journal = {ACM Comput. Surv.},
  issue_date = {Dec. 1997},
  volume = {29},
  number = {4},
  month = dec,
  year = {1997},
  issn = {0360-0300},
  pages = {366--427},
  publisher = {ACM},
  address = {New York, NY, USA},
  keywords = {comparing testing effectiveness, fault detection, software unit test, test adequacy criteria, test coverage,  testing methods},
} 
@inproceedings{siami2008sufficient,
  title={Sufficient mutation operators for measuring test effectiveness},
  author={Siami Namin, Akbar and Andrews, James H and Murdoch, Duncan J},
  booktitle=icse,
  pages={351--360},
  year={2008},
  organization={ACM}
}

@article{offutt1996compiler,
  author = {Offutt, A Jefferson and Craft, W Michael},
  journal = stvr,
  number = {3},
  pages = {1--26},
  title = {{Using Compiler Optimization Techniques to Detect Equivalent Mutants}},
  volume = {4},
  year = {1996}
}


@article{yao2014astudy,
  address = {New York, New York, USA},
  author = {Yao, Xiangjuan and Harman, Mark and Jia, Yue},
  doi = {10.1145/2568225.2568265},
  isbn = {9781450327565},
  journal = icse,
  pages = {919--930},
  publisher = {ACM Press},
  title = {{A study of equivalent and stubborn mutation operators using human analysis of equivalence}},
  year = {2014}
}

@article{kuhn2004software,
  title={Software fault interactions and implications for software testing},
  author={Kuhn, D Richard and Wallace, Dolores R and AM Gallo, Jr},
  journal={Software Engineering, IEEE Transactions on},
  volume={30},
  number={6},
  pages={418--421},
  year={2004},
  publisher={IEEE}
}


@techreport{demillo1978metainduction,
  author = {Demillo, Richard A and Acree, A T and Budd, Timothy Alan and Lipton, Richard J and Sayward, Frederick G},
  mendeley-groups = {mutation},
  title = {{Metainduction and Progam Mutation: Realistic Software Validation (Mutation Analysis)}},
  volume = {3},
  publisher = {Georgia Institute of Technology},
  institution = {Georgia Institute of Technology},
  year = {1978}
}

@article{budd1982two,
  author={Budd, Timothy Alan and Angluin, Dana},
  year={1982},
  issn={0001-5903},
  journal={Acta Informatica},
  volume={18},
  number={1},
  title={Two notions of correctness and their relation to testing},
  url={http://dx.doi.org/10.1007/BF00625279},
  publisher={Springer-Verlag},
  pages={31-45},
}

@article{madeyskiovercoming2014,
  author = {Lech Madeyski and Wojciech Orzeszyna and Richard Torkar and Mariusz J√≥zala},
  title = {Overcoming the Equivalent Mutant Problem: A Systematic Literature Review and a Comparative Experiment of Second  Order Mutation},
  journal = ieeetse,
  year = {2014},
  month = {January},
  volume = {40},
  number = {1},
  pages = {23--42}
}

@techreport{baldwin1979heuristics,
  title={Heuristics for Determining Equivalence of Program Mutations.},
  author={Baldwin, Douglas and Sayward, Frederick},
  year={1979},
  institution={DTIC Document}
}
@misc{pitest,
  author = {Henry Coles},
  title = {PIT Mutation Testing},
  howpublished = {\url{http://pitest.org/}},
  urldate = {2013-07-06}
}

@inproceedings{demillo1988an,
  title={An extended overview of the Mothra software testing environment},
  author={DeMillo, Richard A and Guindi, Dana S and McCracken, WM and Offutt, AJ and King, KN},
  booktitle=icstw,
  pages={142--151},
  year={1988},
  organization={IEEE}
}

@article{wong1995reducing,
  title = "Reducing the cost of mutation testing: An empirical study ",
  journal = jss,
  volume = {31},
  number = {3},
  pages = {185 - 196},
  year = {1995},
  issn = {0164-1212},
  author = {W.Eric Wong and Aditya P. Mathur}
}

@inproceedings{offutt1993experimental,
  title={An experimental evaluation of selective mutation},
  author={Offutt, A Jefferson and Rothermel, Gregg and Zapf, Christian},
  booktitle=icse,
  pages={100--107},
  year={1993},
  organization={IEEE Computer Society Press}
}

@inproceedings{zhang2013injecting,
 author = {Zhang, Lingming and Zhang, Lu and Khurshid, Sarfraz},
 title = {Injecting Mechanical Faults to Localize Developer Faults for Evolving Software},
 booktitle=oopsla,
 series = {OOPSLA '13},
 year = {2013},
 isbn = {978-1-4503-2374-1},
 pages = {765--784},
 publisher = {ACM},
 address = {New York, NY, USA},
 keywords = {fault localization, mutation testing, regression testing, software evolution},
}

@inproceedings{nam2011calibrated,
  author = {Nam, Jaechang and Schuler, David and Zeller, Andreas},
  title = {Calibrated Mutation Testing},
  booktitle=icstw,
  year = {2011},
  isbn = {978-0-7695-4345-1},
  pages = {376--381},
  publisher = {IEEE Computer Society},
  address = {Washington, DC, USA},
  keywords = {mutation testing, version control, bug database},
}

@article{kolmogorov1933sulla,
  title={Sulla determinazione empirica di una legge di distribuzione},
  author={Kolmogorov, Andrey N},
  journal={Giornale dell‚ÄôIstituto Italiano degli Attuari},
  volume={4},
  number={1},
  pages={83--91},
  year={1933}
}
@inproceedings{mokus2000identifying,
  author={Mockus, A. and Votta, L.G.},
  booktitle=ieeeicsm,
  title={Identifying reasons for software changes using historic databases},
  year={2000},
  pages={120-130},
  ISSN={1063-6773},
}

@inproceedings{deng2013empirical,
  author={Lin Deng and Jeff Offutt and Nan Li},
  title={Empirical Evaluation of the Statement Deletion Mutation Operator},
  booktitle=icst,
  year=2013,
  address={Luxembourg},
}
@inproceedings{delamaro2014experimental,
  author={Marcio Eduardo Delamaro and Lin Deng and Nan Li and Vinicius Durelli and Jeff Offutt},
  title={Experimental Evaluation of SDL and One-Op Mutation for C},
  booktitle=icst,
  year=2014,
  address={Cleveland, Ohio, USA}
}
@inproceedings{untch2009onreduced,
  author = {Untch, Roland H.},
  title = {On Reduced Neighborhood Mutation Analysis Using a Single Mutagenic Operator},
  booktitle=acmse,
  series = {ACM-SE 47},
  year = {2009},
  isbn = {978-1-60558-421-8},
  location = {Clemson, South Carolina},
  pages = {71:1--71:4},
  articleno = {71},
  numpages = {4},
  publisher = {ACM},
  address = {New York, NY, USA},
  keywords = {constrained mutation, mutation analysis, reduced neighborhood mutation, software testing, sufficient mutant operators},
}

@article{duraes2006emulation,
  title={Emulation of software faults: a field data study and a practical approach},
  author={Duraes, Joao A and Madeira, Henrique S},
  journal=ieeetse,
  volume={32},
  number={11},
  pages={849--867},
  year={2006},
  publisher={IEEE}
}
duraes2006emulation tries to emulate software faults. The rely on daran1996software which states 85\% of faults were similar to mutation.
" Unfortunately, data on real software faults is not commonly available and research works using real faults are rare [2], [4], [17], [18]."
They provide their own operators called GSWIFT. Analyses 650 faults.

@inproceedings{daran1996software,
  author = {Daran, Murial and Th{\'e}venod-Fosse, Pascale},
  title = {Software Error Analysis: A Real Case Study Involving Real Faults and Mutations},
  booktitle=acmissta,
  year = {1996},
  isbn = {0-89791-787-1},
  pages = {158--171},
  publisher = {ACM},
}

@inproceedings{duraes2003definition,
  author={Duraes, J. and Madeira, H.},
  booktitle={International Conference on Dependable Systems and Networks},
  title={Definition of software fault emulation operators: a field data study},
  year={2003},
  pages={105-114},
}

@article{chillarege1996orthogonal,
  title={Orthogonal defect classification},
  author={Chillarege, Ram},
  journal={Handbook of Software Reliability Engineering},
  pages={359--399},
  year={1996},
  publisher={IEEE CS Press}
}

@inproceedings{christmansson1996generation,
  author={Christmansson, J. and Chillarege, R.},
  booktitle={Annual Symposium on Fault Tolerant Computing},
  title={Generation of an error set that emulates software faults based on field data},
  year={1996},
  pages={304-313},
  ISSN={0731-3071},
}

@inproceedings{christmansson1996error,
  author={Christmansson, J. and Santhanam, P.},
  booktitle=issre,
  title={Error injection aimed at fault removal in fault tolerance mechanisms-criteria for error selection using field data on software faults},
  year={1996},
  pages={175-184},
}

@article{pan2009toward,
  author = {Pan, Kai and Kim, Sunghun and Whitehead,Jr., E. James},
  title = {Toward an Understanding of Bug Fix Patterns},
  journal = {Empirical Software Engineering},
  issue_date = {June      2009},
  volume = {14},
  number = {3},
  month = jun,
  year = {2009},
  issn = {1382-3256},
  pages = {286--315},
  numpages = {30},
  publisher = {Kluwer Academic Publishers},
  address = {Hingham, MA, USA},
  keywords = {Algorithms, Bug fix changes, Categorization of software faults, Causes of software bugs, Experimentation, Measurement, Software bugs, Software error, Software fault, Software fault taxonomy},
}
@book{benso2003fault,
  title={Fault injection techniques and tools for embedded systems reliability evaluation},
  author={Benso, Alfredo and Prinetto, Paolo},
  volume={23},
  year={2003},
  publisher={Springer}
}


@article{ziade2004survey,
  title={A survey on fault injection techniques},
  author={Ziade, Haissam and Ayoubi, Rafic A and Velazco, Raoul and others},
  journal={Int. Arab J. Inf. Technol.},
  volume={1},
  number={2},
  pages={171--186},
  year={2004}
}

@inproceedings{budd1980theoretical,
  title={Theoretical and empirical studies on using program mutation to test the functional correctness of programs},
  author={Budd, Timothy A and DeMillo, Richard A and Lipton, Richard J and Sayward, Frederick G},
  booktitle=popl,
  pages={220--233},
  year={1980},
  organization={ACM}
}

@inproceedings{demillo1989test,
  author = {DeMillo, R. A.},
  title = {Completely Validated Software: Test Adequacy and Program Mutation (Panel Session)},
  booktitle=icse,
  year = {1989},
  isbn = {0-8186-1941-4},
  pages = {355--356},
  publisher = {ACM},
  address = {New York, NY, USA},
}


@article{offutt1996experimental,
  title={An experimental determination of sufficient mutant operators},
  author={Offutt, A Jefferson and Lee, Ammei and Rothermel, Gregg and Untch, Roland H and Zapf, Christian},
  journal=tosem,
  volume={5},
  number={2},
  pages={99--118},
  year={1996},
  publisher={ACM}
}

@inproceedings{fosse1991,
  author={Thevenod-Fosse, P. and Waeselynck, H. and Crouzet, Y.},
  booktitle={Fault-Tolerant Computing, 1991. FTCS-21. Digest of Papers., Twenty-First International Symposium},
  title={An experimental study on software structural testing: deterministic versus random input generation},
  year={1991},
  month={June},
  pages={410-417},
}

@article{Kim01investigatingthe,
  author = {Sunwoo Kim and John A. Clark and John A. McDermid},
  title = {Investigating the Effectiveness of Object-Oriented Testing Strategies with the Mutation Method},
  journal = stvr,
  year = {2001},
  volume = {11},
  pages = {207--225}
}

@inproceedings{MemonASE2003,
  author = {Atif M. Memon and Ishan Banerjee and Adithya Nagarajan},
  title = {What Test Oracle Should {I} Use for Effective {GUI} Testing?},
  booktitle=acmase,
  pages = {164--173},
  publisher = {IEEE Computer Society},
  month = oct,
  year = {2003}
}

@inproceedings{briand2004use,
  author = {Briand, L. C. and Labiche, Y. and Wang, Y.},
  title = {Using Simulation to Empirically Investigate Test Coverage Criteria Based on Statechart},
  booktitle=icse,
  year = {2004},
  isbn = {0-7695-2163-0},
  pages = {86--95},
  publisher = {IEEE Computer Society},
  address = {Washington, DC, USA},
}

@article{andrews2003general,
  title={General test result checking with log file analysis},
  author={Andrews, James H and Zhang, Yingjun},
  journal=ieeetse,
  volume={29},
  number={7},
  pages={634--648},
  year={2003},
  publisher={IEEE}
}

@inproceedings{nguyen2013testing,
  title={Testing Delegation Policy Enforcement via Mutation Analysis},
  author={Nguyen, Phu H and Papadakis, Mike and Rubab, Iram},
  booktitle=icstw,
  pages={34--42},
  year={2013},
  organization={IEEE}
}

@article{fraser2012mutation,
  title={Mutation-driven generation of unit tests and oracles},
  author={Fraser, Gordon and Zeller, Andreas},
  journal=ieeetse,
  volume={38},
  number={2},
  pages={278--292},
  year={2012},
  publisher={IEEE}
}

@inproceedings{guderlei2008benchmarking,
  title={Benchmarking testing strategies with tools from mutation analysis},
  author={Guderlei, Ralph and Just, Ren{\'e} and Schneckenburger, Christoph and Schweiggert, Franz},
  booktitle=icstw,
  pages={360--364},
  year={2008},
  organization={IEEE}
}

@inproceedings{patrick2014probability,
  author = {Patrick, Matthew and Alexander, Rob and Oriol, Manuel and Clark, John A},
  title = {Probability-Based Semantic Interpretation of Mutants},
  booktitle=mutationworkshop,
  year = {2014},
  tag={printed},
  keywords = {test suite quality, coverage metrics, dynamic slicing, mutation testing},
}

@inproceedings{just2014mutants,
  author = {Just, Ren{\'e} and Jalali, Darioush and Inozemtseva, Laura and Ernst, Michael D. and Holmes, Reid and Fraser, Gordon},
  title = {Are Mutants a Valid Substitute for Real Faults in Software Testing?},
  booktitle=fse,
  year = {2014},
  isbn = {978-1-4503-3056-5},
  address = {Hong Kong, China},
  pages = {654--665},
  publisher = {ACM},
  keywords = {Test effectiveness, code coverage, mutation analysis, real faults},
}

@misc{locdata,
    author = {Doughty-White,Pearl and Quick,Miriam},
    title = {Information is beautiful : Codebases - millions of lines of code},
    howpublished = {\url{http://www.informationisbeautiful.net/visualizations/million-lines-of-code/}},
    urldate = {2015-01-27}
}
@Inproceedings{mathur1991performance,
  author={Mathur, A.P.},
  booktitle=compsac,
  title={Performance, effectiveness, and reliability issues in software testing},
  year={1991},
  pages={604-605},
}

@article{offutt1989thecoupling,
  annote = {Morell says that it is not clear what simple faults and complex faults are.},
  author = {Offutt, A Jefferson},
  journal = acmsen,
  isbn = {0897913426},
  volume = {14},
  number = {8},
  month = nov,
  issn = {0163-5948},
  doi = {10.1145/75309.75324},
  acmid = {75324},
  publisher = {ACM},
  address = {New York, NY, USA},
  keywords = {mutation,unread},
  pages = {131--140},
  title = {{The Coupling Effect : Fact or Fiction?}},
  year = {1989}
}
@inproceedings{inozemtseva2014coverage,
  author = {Inozemtseva, Laura and Holmes, Reid},
  booktitle=icse,
  keywords = {mutation,reviewed},
  title = {{Coverage Is Not Strongly Correlated With Test Suite Effectiveness}},
  year = {2014}
}

@article{tchebichef1867,
  author={Tchebichef, P},
  year= 1867,
  title = {Des valeurs moyennes},
  journal = {Journal de math√©matiques pures et appliqu√©es},
  volume = 2,
  number = 12,
  pages = {177--184}
}


@article{wah2000atheoretical,
  author = {Wah, K. S. How Tai},
  title = {A theoretical study of fault coupling},
  journal=stvr,
  volume = {10},
  number = {1},
  publisher = {John Wiley & Sons, Ltd.},
  issn = {1099-1689},
  pages = {3--45},
  keywords = {fault-based testing, fault coupling, single-fault (double-fault) alternate, proper (coupled) test set, coupling ratio, degeneracy       structure},
  year = {2000},
}

@article{wah2003ananalysis,
  title={An analysis of the coupling effect I: single test data},
  author = {Wah, K. S. How Tai},
  journal=scp,
  volume={48},
  number={2},
  pages={119--161},
  year={2003},
  publisher={Elsevier}
}


@article{mathur1994empirical,
  title={An empirical comparison of data flow and mutation-based test adequacy criteria},
  author={Mathur, Aditya P and Wong, W Eric},
  journal=stvr,
  volume={4},
  number={1},
  pages={9--31},
  year={1994},
  publisher={Wiley Online Library}
}

@phdthesis{budd1980mutation,
  author = {Budd, Timothy Alan},
  title = {Mutation Analysis of Program Test Data},
  year = {1980},
  publisher = {Yale University},
  school = {Yale University},
  address = {New Haven, CT, USA},
}

@inproceedings{daka2014asurvey,
  author={Daka, Ermira and Fraser, Gordon},
  booktitle=issre,
  title={A Survey on Unit Testing Practices and Problems},
  year={2014},
  month={Nov},
  pages={201-211},
  ISSN={1071-9458},
}

@article{runeson2006asurvey,
  author={Runeson, P.},
  journal={Software, IEEE},
  title={A survey of unit testing practices},
  year={2006},
  month={July},
  volume={23},
  number={4},
  pages={22-29},
  ISSN={0740-7459},
}

@inproceedings{baath2014bayesian,
  title={Bayesian First Aid: A Package that Implements Bayesian Alternatives to the Classical *.test Functions in R},
  author={B{\aa}{\aa}th, Rasmus},
  booktitle={UseR! 2014 - the International R User Conference},
  year={2014}
}

@inproceedings{jia2008constructing,
  title={Constructing subtle faults using higher order mutation testing},
  author={Jia, Yue and Harman, Mark},
  booktitle=ieeescam,
  pages={249--258},
  year={2008},
  organization={IEEE}
}

@ARTICLE{madeyski2014overcoming, 
  author={Madeyski, L. and Orzeszyna, W. and Torkar, R. and Jozala, M.}, 
  journal=ieeetse, 
  title={Overcoming the Equivalent Mutant Problem: A Systematic Literature Review and a Comparative Experiment of Second Order Mutation}, 
  year={2014}, 
  month={Jan}, 
  volume={40}, 
  number={1}, 
  pages={23-42}, 
  ISSN={0098-5589}
}
@techreport{andoni03evaluating,
  author = {Alexandr Andoni and Dumitru Daniliuc and Sarfraz Khurshid and Darko Marinov},
  title = {Evaluating the Small Scope Hypothesis},
  institution = {MIT Laboratory for Computer Science},
  year = {2003}
}
@inproceedings{derezinska2014experimental,
  author = {Anna Derezinska and Konrad Halas},
  title = {Experimental Evaluation of Mutation Testing Approaches to Python Programs},
  booktitle=icstw,
  pages = {156--164},
  year = {2014},
}
@misc{pymutster,
  author = {Michael Teo},
  title = {Python Mutant Tester (PyMuTester)},
  howpublished = {\url{https://pypi.python.org/pypi/pymutester/0.1.0}},
  urldate = {2015-03-06}
}
@misc{mutant,
    author = {Michael Stephens},
    title = {Mutation testing for Python},
    howpublished = {\url{https://pypi.python.org/pypi/mutant/0.1}},
    urldate = {2015-03-06}
}
@article{vitter1985random,
  title={Random sampling with a reservoir},
  author={Vitter, Jeffrey S},
  journal={ACM Transactions on Mathematical Software (TOMS)},
  volume={11},
  number={1},
  pages={37--57},
  year={1985},
  publisher={ACM}
}
@inproceedings{omar2013constructing,
  title={Constructing subtle higher order mutants for Java and AspectJ programs},
  author={Omar, Elmahdi and Ghosh, Sudip and Whitley, David},
  booktitle=issre,
  pages={340--349},
  year={2013},
  organization={IEEE}
}


@techreport{hsu1992anexperimental,
  title={An experimental approach to statistical mutation-based testing},
  author={Hsu, William and Sahinoglu, Mehmet and Spafford, Eugene H},
  year={1992},
  number = {SERC-TR-63-P},
  institution={Software Engineering Research Center, Purdue University}
}

@inproceedings{papadakis2015trivial,
  author = {Mike Papadakis and Yue Jia and Mark Harman and Yves Le Traon},
  title  = {Trivial Compiler Equivalence: A Large Scale Empirical Study of a Simple, Fast and Effective Equivalent Mutant Detection Technique},
  year  = {2015},
  booktitle=icse
}

@inproceedings{ammann2014establishing,
 author = {Ammann, Paul and Delamaro, Marcio Eduardo and Offutt, Jeff},
 title = {Establishing Theoretical Minimal Sets of Mutants},
 booktitle=icst,
 year = {2014},
 isbn = {978-1-4799-2255-0},
 pages = {21--30},
 publisher = {IEEE Computer Society},
 address = {Washington, DC, USA},
 keywords = {Mutation testing, minimal mutant sets, dynamic subsumption},
} 

@techreport{marinov03anevaluation,
  author = {Darko Marinov and Alexandr Andoni and Dumitru Daniliuc and Sarfraz Khurshid and Martin Rinard},
  title = {An evaluation of exhaustive testing for data structures},
  institution = {MIT Computer Science and Artificial Intelligence Laboratory Report MIT -LCS-TR-921},
  year = {2003}
}

@inproceedings{zhi2013onadequacy,
  title={On adequacy of assertions in automated test suites: An empirical investigation},
  author={Zhi, Junji and Garousi, Vahid},
  booktitle=icstw,
  pages={382--391},
  year={2013},
  organization={IEEE}
}

@inproceedings{cai2014atheory,
  author = {Cai, Yufei and Giarrusso, Paolo G. and Rendel, Tillmann and Ostermann, Klaus},
  title = {A Theory of Changes for Higher-order Languages: Incrementalizing {$\lambda$-calculi} by Static Differentiation},
  booktitle=pldi,
  year = {2014},
  isbn = {978-1-4503-2784-8},
  pages = {145--155},
  publisher = {ACM},
  address = {New York, NY, USA},
  keywords = {Agda, first-class functions, formalization, incremental computation, performance}
}


@inproceedings{shi2014balancing,
  author = {Shi, August and Gyori, Alex and Gligoric, Milos and Zaytsev, Andrey and Marinov, Darko},
  title = {Balancing Trade-offs in Test-suite Reduction},
  booktitle=fse,
  series = {FSE 2014},
  year = {2014},
  isbn = {978-1-4503-3056-5},
  location = {Hong Kong, China},
  pages = {246--256},
  numpages = {11},
  publisher = {ACM},
  address = {New York, NY, USA},
  keywords = {Test-suite reduction, software evolution},
} 
@article{delahaye2015selecting,
  title={Selecting a software engineering tool: lessons learnt from mutation analysis},
  author={Delahaye, Micka{\"e}l and Bousquet, Lydie},
  journal={Software: Practice and Experience},
  year={2015},
  publisher={Wiley Online Library}
}

@phdthesis{okun2004specification,
  title={Specification mutation for test generation and analysis},
  author={Okun, Vadim},
  year={2004},
  school={University of Maryland Baltimore County}
}
@inproceedings{jia2008milu,
  title={MILU: A customizable, runtime-optimized higher order mutation testing tool for the full C language},
  author={Jia, Yue and Harman, Mark},
  booktitle=taicpart,
  pages={94--98},
  year={2008},
  organization={IEEE}
}


@article{budd1985program,
  author = {Budd, Timothy A. and Gopal, Ajei S.},
  title = {Program Testing by Specification Mutation},
  journal = {Computer Languages},
  issue_date = {1985},
  volume = {10},
  number = {1},
  month = jan,
  year = {1985},
  issn = {0096-0551},
  pages = {63--73},
  numpages = {11},
  publisher = {Pergamon Press, Inc.},
  address = {Tarrytown, NY, USA},
}
@incollection{anna2014analysis,
  year={2014},
  booktitle={International Conference on Dependability and Complex Systems},
  volume={286},
  series={Advances in Intelligent Systems and Computing},
  title={Analysis of Mutation Operators for the Python Language},
  publisher={Springer International Publishing},
  author={Derezi≈Ñska, Anna and Ha≈Ças, Konrad},
  pages={155-164},
  language={English}
}

@inproceedings{le2014mucheck,
  title={Mucheck: An extensible tool for mutation testing of haskell programs},
  author={Le, Duc and Alipour, Mohammad Amin and Gopinath, Rahul and Groce, Alex},
  booktitle=acmissta,
  pages={429--432},
  year={2014},
  organization={ACM}
}

@inproceedings{gopinath2015howhard,
  title={How hard does mutation analysis have to be, anyway?},
  author={Gopinath, Rahul and Alipour, Amin and Ahmed Iftekhar and Jensen, Carlos and Groce, Alex},
  booktitle=issre,
  year={2015},
  organization={IEEE}
}

@inproceedings{delahaye2013comparison,
  title={A comparison of mutation analysis tools for Java},
  author={Delahaye, Micka{\"e}l and Du Bousquet, Lydie},
  booktitle=qsic,
  pages={187--195},
  year={2013},
  organization={IEEE}
}

@inproceedings{gligoric2010mutmut,
  title={MuTMuT: Efficient exploration for mutation testing of multithreaded code},
  author={Gligoric, Milos and Jagannath, Vilas and Marinov, Darko},
  booktitle=icst,
  pages={55--64},
  year={2010},
  organization={IEEE}
}

@inproceedings{madiraju2011paramu,
  title={Para$\mu$--A Partial and Higher-Order Mutation Tool with Concurrency Operators},
  author={Madiraju, Pratyusha and Namin, Akbar Siami},
  booktitle=icstw,
  pages={351--356},
  year={2011},
  organization={IEEE}
}
@inproceedings{bradbury2006mutation,
  title={Mutation operators for concurrent Java (J2SE 5.0)},
  author={Bradbury, Jeremy S and Cordy, James R and Dingel, Juergen},
  booktitle=mutationworkshop,
  pages={11--11},
  year={2006},
  organization={IEEE}
}
@inproceedings{zhou2009mutation,
  title={Mutation testing for Java database applications},
  author={Zhou, Chixiang and Frankl, Phyllis},
  booktitle=icst,
  pages={396--405},
  year={2009},
  organization={IEEE}
}

@inproceedings{nanavati2015mutation,
  title={Mutation testing of memory-related operators},
  author={Nanavati, Jay and Wu, Fan and Harman, Mark and Jia, Yue and Krinke, Jens},
  booktitle=icstw,
  pages={1--10},
  year={2015},
  organization={IEEE}
}

@article{singh2014study,
  title={A Study and Review on the Development of Mutation Testing Tools for Java and Aspect-J Programs},
  author={Singh, Pradeep Kumar and Sangwan, Om Prakash and Sharma, Arun},
  journal={International Journal of Modern Education and Computer Science (IJMECS)},
  volume={6},
  number={11},
  pages={1},
  year={2014}
}

@inproceedings{just2012doredundant,
  title={Do redundant mutants affect the effectiveness and efficiency of mutation analysis?},
  author={Just, Ren{\'e} and Kapfhammer, Gregory M and Schweiggert, Franz},
  booktitle=icst,
  pages={720--725},
  year={2012},
  organization={IEEE}
}

@article{namin2014muranker,
  title={MuRanker: a mutant ranking tool},
  author={Namin, Akbar Siami and Xue, Xiaozhen and Rosas, Omar and Sharma, Pankaj},
  journal={Software Testing, Verification and Reliability},
  year={2014},
  publisher={Wiley Online Library}
}

@inproceedings{kaminski2011better,
  title={Better predicate testing},
  author={Kaminski, Gary and Ammann, Paul and Offutt, Jeff},
  booktitle=astw,
  pages={57--63},
  year={2011},
  organization={ACM}
}

@article{kaminski2013improving,
  title={Improving logic-based testing},
  author={Kaminski, Gary and Ammann, Paul and Offutt, Jeff},
  journal={Journal of Systems and Software},
  volume={86},
  number={8},
  pages={2002--2012},
  year={2013},
  publisher={Elsevier}
}
@inproceedings{ji2009a,
  title={A Novel Method of Mutation Clustering Based on Domain Analysis.},
  author={Ji, Changbin and Chen, Zhenyu and Xu, Baowen and Zhao, Zhihong},
  booktitle={SEKE},
  pages={422--425},
  year={2009}
}
@incollection{derezinska2013quality,
  title={A quality estimation of mutation clustering in C\# programs},
  author={Derezi{\'n}ska, Anna},
  booktitle={New Results in Dependability and Computer Systems},
  pages={119--129},
  year={2013},
  publisher={Springer}
}

@article{lau2005an,
  author = {Lau, Man F. and Yu, Yuen T.},
  title = {An Extended Fault Class Hierarchy for Specification-based Testing},
  journal = tosem,
  volume = {14},
  number = {3},
  month = jul,
  year = {2005},
  issn = {1049-331X},
  pages = {247--276},
  publisher = {ACM},
} 

@article{do2005supporting,
  title={Supporting controlled experimentation with testing techniques: An infrastructure and its potential impact},
  author={Do, Hyunsook and Elbaum, Sebastian and Rothermel, Gregg},
  journal={Empirical Software Engineering},
  volume={10},
  number={4},
  pages={405--435},
  year={2005},
  publisher={Springer}
}

@inproceedings{ammann2015keynote,
  title={Transforming Mutation Testing from the Technology of the Future into the Technology of the Present},
  author={Ammann, Paul},
  booktitle=icstw,
  year={2015},
  organization={IEEE}
}
@article{madeyski2010judy,
  title={Judy--a mutation testing tool for Java},
  author={Madeyski, Lech and Radyk, Norbert},
  journal={IET software},
  volume={4},
  number={1},
  pages={32--42},
  year={2010},
  publisher={IET}
}
@inproceedings{moore2001jester,
  title={Jester-a JUnit test tester},
  author={Moore, Ivan},
  booktitle={International Conference on Extreme Programming},
  pages={84--87},
  year={2001}
}
@article{chevalley2003mutation,
  title={A mutation analysis tool for Java programs},
  author={Chevalley, Philippe and Th{\'e}venod-Fosse, Pascale},
  journal={International journal on software tools for technology transfer},
  volume={5},
  number={1},
  pages={90--103},
  year={2003},
  publisher={Springer}
}

@inproceedings{usaola2012bacterio,
  author = {Usaola, Macario Polo and Mateo, Pedro Reales},
  title = {Bacterio: Java Mutation Testing Tool: A Framework to Evaluate Quality of Tests Cases},
  booktitle=ieeeicsm,
  series = {ICSM '12},
  year = {2012},
  isbn = {978-1-4673-2313-0},
  pages = {646--649},
  numpages = {4},
  publisher = {IEEE Computer Society},
  address = {Washington, DC, USA},
  keywords = {Java,Software testing,Graphical user interfaces,Syntactics,Educational institutions,Heuristic algorithms,quality of tests,mutation testing,mutation techniques,Bacterio tool},
} 

@inproceedings{ma2006mujava,
 author = {Ma, Yu-Seung and Offutt, Jeff and Kwon, Yong-Rae},
 title = {MuJava: A Mutation System for Java},
 booktitle=icse,
 series = {ICSE '06},
 year = {2006},
 isbn = {1-59593-375-1},
 location = {Shanghai, China},
 pages = {827--830},
 numpages = {4},
 publisher = {ACM},
 address = {New York, NY, USA},
 keywords = {java, mutation system, mutation testing},
} 
@misc{mutator,
    author = {Macedo, Mario Gonzalez},
    title = {Mutator},
    howpublished = {\url{http://ortask.com/mutator/}},
    urldate = {2015-09-11}
}
@misc{insure,
    author = {Parasoft},
    title = {Insure++},
    howpublished = {\url{www.parasoft.com/products/insure/papers/tech_mut.htm}},
    urldate = {2015-09-11}
}
@misc{badinsuremut,
    author = {Parasoft},
    title = {Insure++ Mutation Analysis},
    howpublished = {\url{http://www.parasoft.com/jsp/products/article.jsp?articleId=291\&product=Insure}},
    urldate = {2012-08-22}
}
@misc{badinsure,
    author = {Offutt, Jeff},
    title = {Insure++ Critique},
    howpublished = {\url{https://cs.gmu.edu/~offutt/documents/handouts/parasoft-anal.html}},
    urldate = {2015-09-11}
}
@book{karp1972reducibility,
  title={Reducibility among combinatorial problems},
  author={Karp, Richard M},
  year={1972},
  publisher={Springer}
}
@book{cormen2009introduction,
  title={Introduction to algorithms third edition},
  author={Cormen, Thomas H and Leiserson, Charles E and Rivest, Ronald L and Stein, Clifford},
  year={2009},
  publisher={The MIT Press}
}

@article{chvatal1979agreedy,
  title={A greedy heuristic for the set-covering problem},
  author={Chvatal, Vasek},
  journal={Mathematics of operations research},
  volume={4},
  number={3},
  pages={233--235},
  year={1979},
  publisher={INFORMS}
}
@inproceedings{sridharan2010prioritizing,
  title={Prioritizing mutation operators based on importance sampling},
  author={Sridharan, Mohan and Namin, Akbar Siami},
  booktitle=issre,
  pages={378--387},
  year={2010},
  organization={IEEE}
}
@inproceedings{kurtz2014mutant,
  author = {Kurtz, Bob and Ammann, Paul and Delamaro, Marcio E. and Offutt, Jeff and Deng, Lin},
  title = {Mutant Subsumption Graphs},
  booktitle=icstw,
  year = {2014},
  isbn = {978-1-4799-5790-3},
  pages = {176--185},
  publisher = {IEEE Computer Society},
  address = {Washington, DC, USA},
  keywords = {mutation testing, subsumption},
}
@techreport{gopinath2015domutation,
  author={Gopinath, Rahul and Alipour, Amin and Ahmed, Iftekhar and Jensen, Carlos and Groce, Alex},
  institution = {Oregon State University},
  month = {Aug},
  title = {Do Mutation Reduction Strategies Matter?},
  url={http://hdl.handle.net/1957/56917},
  note={\url{http://hdl.handle.net/1957/56917}},
  year = 2015
}

@misc{comments,
  note={
    major mutation-testing.org
      judy http://mutationtesting.org/
      javalanche https://github.com/david-schuler/javalanche/
      bacterio http://alarcos.esi.uclm.es/per/preales/bacterio/Bacterio.htm
      mujava https://cs.gmu.edu/~offutt/mujava/
      jumble http://jumble.sourceforge.net/
      jester http://jester.sourceforge.net/
      mutator http://ortask.com/tag/mutation-testing/
      insure www.parasoft.com/products/insure/papers/tech_mut.htm
      https://cs.gmu.edu/~offutt/documents/handouts/parasoft-anal.html
  }
}


@inproceedings{gopinath2014mutations,
  author={Gopinath, R. and Jensen, C. and Groce, A.},
  booktitle=issre,
  title={Mutations: How Close are they to Real Faults?},
  year={2014},
  month={Nov},
  pages={189-200},
  ISSN={1071-9458},
}

@article{do2006on,
  title={On the use of mutation faults in empirical assessments of test case prioritization techniques},
  author={Do, Hyunsook and Rothermel, Gregg},
  journal=ieeetse,
  volume={32},
  number={9},
  pages={733--752},
  year={2006},
  publisher={IEEE}
}

@book{voas1997software,
  title={Software fault injection: inoculating programs against errors},
  author={Voas, Jeffrey M and McGraw, Gary},
  year={1997},
  publisher={John Wiley \& Sons, Inc.}
}

@inproceedings{grun2009the,
  title={The impact of equivalent mutants},
  author={Grun, Bernhard JM and Schuler, David and Zeller, Andreas},
  booktitle=icstw,
  pages={192--199},
  year={2009},
  organization={IEEE}
}

@article{hierons1999using,
  title={Using program slicing to assist in the detection of equivalent mutants},
  author={Hierons, Rob and Harman, Mark and Danicic, Sebastian},
  journal={Software Testing, Verification and Reliability},
  volume={9},
  number={4},
  pages={233--262},
  year={1999},
  publisher={Wiley Online Library}
}
@article{langdon2010efficient,
  title={Efficient multi-objective higher order mutation testing with genetic programming},
  author={Langdon, William B and Harman, Mark and Jia, Yue},
  journal={Journal of systems and Software},
  volume={83},
  number={12},
  pages={2416--2430},
  year={2010},
  publisher={Elsevier}
}

